<collection xmlns="http://www.loc.gov/MARC21/slim">
<record>
  <leader>01637nam0a22002411i 450 </leader>
  <controlfield tag="001">IT\ICCU\CNCE\065173</controlfield>
  <controlfield tag="005">20120716000000.0</controlfield>
  <datafield tag="012" ind1=" " ind2=" ">
    <subfield code="a">e-p. a?e- t,ca huni (C) 1504 (Q)</subfield>
    <subfield code="2">fei</subfield>
  </datafield>
  <datafield tag="100" ind1=" " ind2=" ">
    <subfield code="a">20060719d1504        0itac0103    ba</subfield>
  </datafield>
  <datafield tag="101" ind1=" " ind2=" ">
    <subfield code="a">LAT</subfield>
  </datafield>
  <datafield tag="102" ind1=" " ind2=" ">
    <subfield code="a">IT</subfield>
  </datafield>
  <datafield tag="200" ind1="1" ind2=" ">
    <subfield code="a">Angelus Britannicus salutem omnibus. In hoc codice continentur haec opera eloquentissimi oratoris Marini Becichemi Scodrensis publici professoris Brixiae. Panegiricus serenissimo principi Leonardo Lauretano et illustrissimi Senatui Veneto dictus. Centuria epistolicarum quaestionum ... Item sunt castigationes multae in asinum aureum, &amp; in multa aliorum auctorum opera. Castigationes in totum Victorinum. Castigationes in totum opus Rhe. de inuentione. Castigationes in omnes libros rhe. ad Herennium. Castigationes in tres libros de oratore. Castigationes in quattuor libros floridorum Apuleii. Item sunt artes. De componenda epistola. De componendo dialogo. De imitatione. De componenda funebri oratione. De componenda nuptiali oratione ...</subfield>
  </datafield>
  <datafield tag="210" ind1=" " ind2=" ">
    <subfield code="d">\1504!</subfield>
  </datafield>
  <datafield tag="215" ind1=" " ind2=" ">
    <subfield code="a">\172! c.</subfield>
    <subfield code="d">fol</subfield>
  </datafield>
  <datafield tag="300" ind1=" " ind2=" ">
    <subfield code="a">Stampata a Brescia da Angelo  Britannico. Cfr. E. Sandal. La stampa a Brescia nel Cinquecento, n. 35</subfield>
  </datafield>
  <datafield tag="620" ind1=" " ind2=" ">
    <subfield code="a">IT</subfield>
    <subfield code="d">Brescia</subfield>
  </datafield>
  <datafield tag="700" ind1=" " ind2="1">
    <subfield code="a">Becichemo,</subfield>
    <subfield code="b">Marino</subfield>
    <subfield code="3">IT\ICCU\CNCA\001499</subfield>
  </datafield>
  <datafield tag="712" ind1="0" ind2="0">
    <subfield code="a">Britannico, Angelo</subfield>
    <subfield code="3">IT\ICCU\CNCT\000463</subfield>
    <subfield code="4">650</subfield>
  </datafield>
  <datafield tag="791" ind1="0" ind2="0">
    <subfield code="a">Britannicus, Angelus</subfield>
    <subfield code="3">IT\ICCU\CNCT\004776</subfield>
    <subfield code="z">Britannico, Angelo</subfield>
  </datafield>
  <datafield tag="801" ind1=" " ind2="3">
    <subfield code="a">IT</subfield>
    <subfield code="b">ICCU</subfield>
    <subfield code="c">20201115</subfield>
  </datafield>
  <datafield tag="899" ind1=" " ind2=" ">
    <subfield code="a">Biblioteca universitaria. Padova</subfield>
    <subfield code="z">MUTILO</subfield>
    <subfield code="1">PD0158</subfield>
    <subfield code="2">PUV 00</subfield>
  </datafield>
  <datafield tag="899" ind1=" " ind2=" ">
    <subfield code="a">Biblioteca comunale Augusta. Perugia</subfield>
    <subfield code="1">PG0109</subfield>
    <subfield code="2">UM1 01</subfield>
  </datafield>
  <datafield tag="899" ind1=" " ind2=" ">
    <subfield code="a">Biblioteca nazionale universitaria. Torino</subfield>
    <subfield code="1">TO0265</subfield>
    <subfield code="2">TO0 02</subfield>
  </datafield>
</record>
</collection>
